@InProceedings{Zhang2018DRL,
  author    = {Zhang, Kaichena and Niroui, Farzad and Ficocelli, Maurizio and Nejat, Goldie},
  title     = {Robot Navigation of Environments with Unknown Rough Terrain Using Deep Reinforcement Learning},
  booktitle = {2018 IEEE International Symposium on Safety, Security, and Rescue Robotics (SSRR)},
  year      = {2018},
  pages     = {1--7},
  keywords  = {Navigation;Robot sensing systems;Training;Cost function;Mobile robots;Machine learning},
  doi       = {10.1109/SSRR.2018.8468643}
}
